@book{gelman2006data,
  title =        {Data analysis using regression and multilevel/hierarchical
                  models},
  author =       {Gelman, Andrew and Hill, Jennifer},
  year =         2006,
  publisher =    {Cambridge University Press}
}

@misc{hastie1999imputing,
  title =        {Imputing missing data for gene expression arrays},
  author =       {Hastie, Trevor and Tibshirani, Robert and Sherlock, Gavin and
                  Eisen, Michael and Brown, Patrick and Botstein, David},
  year =         1999
}

@misc{lichman2013yeast,
  author =       {M. Lichman},
  year =         2013,
  title =        {{UCI} Machine Learning Repository},
  url =          {https://archive.ics.uci.edu/ml/datasets/Yeast},
  institution =  {University of California, Irvine, School of Information and
                  Computer Sciences}
}

@article{little2002statistical,
  title =        {Statistical Analysis with Missing Data},
  author =       {Little, RJA and Rubin, DB},
  year =         2002,
  publisher =    {Wiley}
}

@misc{matloffblog2015,
  author =       {Matloff, Norman},
  title =        {New R Software/Methodology for Handling Missing Data},
  url =
                  {https://matloff.wordpress.com/2015/09/16/new-r-softwaremethodology-for-handling-missing-dat/},
  urldate =      {2015-10-17},
  journal =      {Mad (Data) Scientist},
  year =         2015
}

@book{schafer1997analysis,
  title =        {Analysis of incomplete multivariate data},
  author =       {Schafer, Joseph L},
  year =         1997,
  publisher =    {CRC press}
}

@article{schafer2002missing,
  title =        {Missing data: our view of the state of the art.},
  author =       {Schafer, Joseph L and Graham, John W},
  journal =      {Psychological methods},
  volume =       7,
  number =       2,
  pages =        147,
  year =         2002,
  publisher =    {American Psychological Association}
}

@article{troyanskaya2001missing,
  title =        {Missing value estimation methods for DNA microarrays},
  author =       {Troyanskaya, Olga and Cantor, Michael and Sherlock, Gavin and
                  Brown, Pat and Hastie, Trevor and Tibshirani, Robert and
                  Botstein, David and Altman, Russ B},
  journal =      {Bioinformatics},
  volume =       17,
  number =       6,
  pages =        {520--525},
  year =         2001,
  publisher =    {Oxford Univ Press}
}

@book{van2012flexible,
  title =        {Flexible imputation of missing data},
  author =       {Van Buuren, Stef},
  year =         2012,
  publisher =    {CRC press}
}

@misc{wikipediaImputation2015,
  author =       {Wikipedia,},
  title =        {Imputation (statistics)},
  url =          {https://en.wikipedia.org/wiki/Imputation_(statistics)},
  urldate =      {2015-10-17},
  year =         2015
}
