/home/david/gdrive/ETHZ/missing_data/biblio.bib